@inproceedings{Zinkevich2010,
  author    = {M. A. Zinkevich and
               A. Smola and
               M. Weimer and
               L. Li},
  title     = {Parallelized Stochastic Gradient Descent},
  booktitle = {NIPS},
  year      = {2010},
}

@inproceedings{YZhang2012,
  author    = {Y. Zhang and
               J. Duchi and
               M. Wainwright},
  title     = {Communication-Efficient Algorithms for Statistical Optimization},
  booktitle = {NIPS},
  year      = {2012},
}

@inproceedings{Kleiner2012,
  author    = {A. Kleiner and
               A. Talwalkar and
               P. Sarkar and 
               M. I. Jordan},
  title     = {The Big Data Bootstrap},
  booktitle = {ICML},
  year      = {2012},
}

@inproceedings{Yu2013,
  author    = {H.-F. Yu and
               C.-J. Hsieh and
               S. Si and 
               I. Dhillon},
  title     = {Scalable Coordinate Descent Approaches to Parallel Matrix Factorization for Recommender Systems},
  booktitle = {ICDM},
  year      = {2013},
}

@inproceedings{Bradley2011,
  author    = {J. K. Bradley and
               A. Kyrola and
               D. Bickson and 
               C. Guestrin},
  title     = {Parallel coordinate descent for {L}1-regularized loss minimization},
  booktitle = {ICML},
  year      = {2011},
}

@inproceedings{Mann2009,
  author    = {G. Mann and
               R. McDonald and
               M. Mohri and
  	       N. Silberman and
               D. Walker},
  title     = {Efficient Large-Scale Distributed Training of Conditional Maximum Entropy Models},
  booktitle = {NIPS},
  year      = {2009},
}

@inproceedings{Jaakkola1999,
  author    = {T. S. Jaakkola and
               M. Meila and
               T. Jebara},
  title     = {Maximum entropy discrimination},
  booktitle = {NIPS},
  year      = {1999},
}


@inproceedings{Khan2010,
author=         "M. E. Khan and G. Bouchard and B. M. Marlin and K. P. Murphy",
title=          "Variational Bounds for Mixed-Data Factor Analysis",
booktitle=      "NIPS",
year=           "2010",
}

@inproceedings{Khan2013,
author=         "M. E. Khan and A. Aravkin and M. Friedlander and M. Seeger",
title=          "Fast Dual Variational Inference for Non-Conjugate Latent Gaussian Models",
booktitle=      "ICML",
year=           "2013",
}

@inproceedings{Koyejo2013,
author=         "O. Koyejo and J. Ghosh",
title=          "Constrained Bayesian Inference for Low Rank Multitask Learning",
booktitle=      "UAI",
year=           "2013",
}


@ARTICLE{Boyd10,
  AUTHOR =       "S. Boyd and N. Parikh and E. Chu and B. Peleato and J. Eckstein",
  TITLE =        "Distributed Optimization and Statistical Learning via the Alternating Direction Method of Multipliers",
  JOURNAL =      "Foundations and Trends in Machine Learning",
  YEAR =         "2010",
}

@ARTICLE{Wainwright2008,
  AUTHOR =       "M. J. Wainwright and M. I. Jordan",
  TITLE =        "Graphical Models, Exponential Families, and Variational Inference",
  JOURNAL =      "Foundations and Trends in Machine Learning",
  YEAR =         "2008",
}

@ARTICLE{Parikh13,
  AUTHOR =       "N. Parikh and S. Boyd",
  TITLE =        "Proximal algorithms",
  JOURNAL =      "Foundations and Trends in Optimization",
  YEAR =         "2013",
}

@inproceedings{Dean2004,
 author = {Dean, J. and Ghemawat, S.},
 title = {MapReduce: simplified data processing on large clusters},
 booktitle = {OSDI},
 year = {2004},
}

@article{Ganchev2010,
 author = {K. Ganchev and J. Gra\c{c}a and J. Gillenwater and B. Taskar},
 title = {Posterior Regularization for Structured Latent Variable Models},
 journal = {J. Mach. Learn. Res.},
 year = {2010},
} 

@article{Zhu2012,
 author = {J. Zhu and A. Ahmed and E. P. Xing},
 title = { MedLDA: Maximum Margin Supervised Topic Models},
 journal = {J. Mach. Learn. Res.},
 year = {2012},
}

@article{Yuan2012,
 author = {G.-X. Yuan and C.-H. Ho and C.-J. Lin},
 title = { An Improved GLMNET for L1-regularized Logistic Regression and Support Vector Machines},
 journal = {J. Mach. Learn. Res.},
 year = {2012},
}

@article{Wang2013,
 author = {C. Wang and D. M. Blei},
 title = {Variational Inference in Nonconjugate Models},
 journal = {J. Mach. Learn. Res.},
 year = {2013},
}


@article{Jaakkola2000,
 author = {Jaakkola, T. S. and M. I. Jordan},
 title = {Bayesian parameter estimation via variational methods},
 journal = {Statistics and Computing},
 year = {2000},
} 

@article{Zellner1988,
 author = {A. Zellner},
 title = { Optimal information processing and {B}ayes's theorem},
 journal = {The American Statistician},
 year = {1988},
} 

@inproceedings{Scott2013,
title = {Bayes and {B}ig Data:  The Consensus {M}note {C}aril Algorithm},
author  = {S. L. Scott and A. W. Blocker and F. V. Bonassi and H. A. Chipman and E. I. George and R. E. McCulloch},
year  = 2013,
booktitle = {Bayes 250}
}

@article{Friedman2010,
  author =	"J. H. Friedman and T. Hastie and R. Tibshirani",
  title =	"Regularization Paths for Generalized Linear Models via Coordinate Descent",
  journal =	"Journal of Statistical Software",
  year = 	"2010",
}


@book{Bertsekas1989,
  author = {Bertsekas, D.},
  title = {Parallel and Distributed Computation: Numerical Methods},
  year = 1989
}

@book{Bertsekas1996,
  author = {D. Bertsekas and J. Tsitsiklis},
  title = {Constrained Optimization and Lagrange Multiplier Methods (Optimization and Neural Computation Series)},
  year = 1996
}

@book{Bishop2006,
 author = {Bishop, C. M.},
 title = {Pattern Recognition and Machine Learning (Information Science and Statistics)},
 year = {2006},
} 

@article{Neiswanger2013,
  author =	"W. Neiswanger and C. Wang and E. P. Xing",
  title =	"Asymptotically Exact, Embarrassingly Parallel {MCMC}",
  journal =	"arXiv:1311.4780",
  year = 	"2013",
}

@article{Recht2011,
  author = {B. Recht and C. R{\'e}},
  title = {Parallel stochastic gradient algorithms for Large-Scale matrix completion},
  journal = {Mathematical Programming Computation},
  volume = {5},
  issue = {2},
  pages = {201-226},
  year = {2013},
}

@article{Recht2010,
  author = {B. Recht and M. Fazel and P. Parrilo},
  title = {Guaranteed minimum rank solutions of matrix equations via nuclear norm minimization},
  journal = {SIAM Review},
  volume = {52(3)},
  pages = {471-501},
  year = {2010},
}

@inproceedings{Srebro2004,
author=         "N. Srebro and J. Rennie and T. Jaakkola",
title=          "Maximum margin matrix factorization",
booktitle=      "NIPS",
year=           "2004",
}

@inproceedings{Lee2010,
author=         "J. Lee and B. Recht and N. Srebro and R. R. Salakhutdinov and J. A. Tropp",
title=          "Practical large-scale optimization for max-norm regularization",
booktitle=      "NIPS",
year=           "2010",
}

@inproceedings{Salakhutdinov2007,
  author    = {R. Salakhutdinov and
               A. Mnih},
  title     = {Probabilistic Matrix Factorization},
  booktitle = {NIPS},
  year      = {2007},
}
